% This file was created with JabRef 2.9.
% Encoding: GBK
 R

@article{heys2010revisiting,
  title={Revisiting the simplified Bernoulli equation},
  author={Heys, Jeffrey J and Holyoak, Nicole and Calleja, Anna M and Belohlavek, Marek and Chaliki, Hari P},
  journal={The open biomedical engineering journal},
  volume={4},
  pages={123},
  year={2010},
  publisher={Bentham Science Publishers}
}
@article{Registry2012sigapore,
  title={Registry of births and deaths 2011: Singapore Demographic Bulletin, 2012.},
  author={Immigration & Checkpoints Authority (ICA) Singapore.},
  year={2012}
}


@article{roger2011aha,
  title={AHA statistical update: heart disease and stroke statistics-2011 update},
  author={Roger, VL and Go, AS and Lloyd-Jones, DM and Adams, RJ and Berry, JD and Brown, TM and Carnethon, MR and Dai, S and de Simone, G and Ford, ES and others},
  journal={Circulation},
  volume={123},
  pages={e18--e209},
  year={2011}
}
@article{heidenreich2011forecasting,
  title={Forecasting the future of cardiovascular disease in the United States a policy statement from the American heart association},
  author={Heidenreich, Paul A and Trogdon, Justin G and Khavjou, Olga A and Butler, Javed and Dracup, Kathleen and Ezekowitz, Michael D and Finkelstein, Eric Andrew and Hong, Yuling and Johnston, S Claiborne and Khera, Amit and others},
  journal={Circulation},
  volume={123},
  number={8},
  pages={933--944},
  year={2011},
  publisher={Am Heart Assoc}
}

@article{Onishi2013Accurate,
  title={Accurate determination of patient-specific boundary conditions in computational vascular hemodynamics using 3D cine phase-contrast MRI},
  author={Y. Onishi,K. Aoki,K. Amaya,T. Shimizu,H. Isoda,Y. Takehara,H. Sakahara,T. Kosugi},
  journal={International Journal for Numerical Methods in Biomedical Engineering},
  volume={29},
  number={10},
  pages={1089¨C1103},
  year={2013}
}

@ARTICLE{4359049,
author={Bekkers, E.J. and Taylor, C.A.},
journal={Medical Imaging, IEEE Transactions on},
title={Multiscale Vascular Surface Model Generation From Medical Imaging Data Using Hierarchical Features},
year={2008},
month={March},
volume={27},
number={3},
pages={331-341},
keywords={computational fluid dynamics;haemodynamics;image segmentation;medical computing;medical image processing;mesh generation;surface fitting;blood flow;clinical decision making;computational fluid dynamics;hierarchical features;medical imaging data;multiscale vascular surface model generation;nonuniform rational B-spline representation;vascular geometry;Hemodynamics;NURB surface;hemodynamics;multi-scale modeling;multiscale modeling;surface fitting;surface mesh generation;vascular modeling;Algorithms;Angiography;Artificial Intelligence;Blood Vessels;Computer Simulation;Humans;Image Enhancement;Image Interpretation, Computer-Assisted;Imaging, Three-Dimensional;Models, Anatomic;Models, Biological;Pattern Recognition, Automated;Reproducibility of Results;Sensitivity and Specificity},
doi={10.1109/TMI.2007.905081},
ISSN={0278-0062},}


@article{liu_4d_reconstruction,
year={2014},
issn={0178-2789},
journal={The Visual Computer},
doi={10.1007/s00371-014-1024-4},
title={A parallelized 4D reconstruction algorithm for vascular structures and motions based on energy optimization},
url={http://dx.doi.org/10.1007/s00371-014-1024-4},
publisher={Springer Berlin Heidelberg},
keywords={X-ray angiograms; 3D reconstruction; Motion tracking; Belief propagation},
author={Liu, Xinglong and Hou, Fei and Hao, Aimin and Qin, Hong},
pages={1-16},
language={English}
}


@INPROCEEDINGS{6164514,
author={Guanyu Yang and Broersen, A. and Petr, R. and Kitslaar, P. and de Graaf, M.A. and Bax, J.J. and Reiber, J. and Dijkstra, J.},
booktitle={Computing in Cardiology, 2011},
title={Automatic coronary artery tree labeling in coronary computed tomographic angiography datasets},
year={2011},
month={Sept},
pages={109-112},
keywords={blood vessels;cardiology;computerised tomography;diagnostic radiography;medical image processing;statistical analysis;CCTA dataset;anatomical name;automatic coronary artery tree labeling;coronary computed tomographic angiography;matching algorithm;statistical coronary tree model;Angiography;Arteries;Computational modeling;Heart;Labeling;Solid modeling;Three dimensional displays},
ISSN={0276-6547},}

@ARTICLE{811312,
author={Haris, K. and Efstratiadis, S.N. and Maglaveras, N. and Pappas, C. and Gourassas, J. and Louridas, G.},
journal={Medical Imaging, IEEE Transactions on},
title={Model-based morphological segmentation and labeling of coronary angiograms},
year={1999},
month={Oct},
volume={18},
number={10},
pages={1003-1015},
keywords={angiocardiography;diagnostic radiography;edge detection;feature extraction;graph theory;image segmentation;medical image processing;physiological models;artery labeling;artery segment enclosing area;artery skeleton estimation;border estimation;clinical digitized coronary angiograms;coronary angiograms labeling;coronary artery model;feature graph creation;graph matching;homotopy modification method;medical diagnostic imaging;model-based morphological segmentation;morphological homotopy modification;regional minima;watershed transform;Angiography;Arteries;Biomedical imaging;Biomedical informatics;Coronary arteriosclerosis;Educational technology;Image segmentation;Labeling;Medical diagnostic imaging;Skeleton;Algorithms;Cineangiography;Coronary Angiography;Coronary Vessels;Humans;Models, Cardiovascular},
doi={10.1109/42.811312},
ISSN={0278-0062},}

@ARTICLE{712132,
author={Ezquerra, N. and Capell, S. and Klein, L. and Duijves, P.},
journal={Medical Imaging, IEEE Transactions on},
title={Model-guided labeling of coronary structure},
year={1998},
month={June},
volume={17},
number={3},
pages={429-441},
keywords={angiocardiography;diagnostic radiography;dynamic programming;medical image processing;physiological models;X-ray angiograms;artifacts;branch interrelationships;cine sequence;coronary angiographic images;coronary artery disease assessment standardization;coronary structure;coronary vasculature visualization;directed acyclic graph;generalized 3-D model;geometric relationships;medical diagnostic imaging;model-guided approach;model-guided labeling;spatial relationships;three-dimensional reconstruction;vascular tree hierarchies;Arteries;Biomedical imaging;Coronary arteriosclerosis;Image reconstruction;Labeling;Solid modeling;Spatial resolution;Tree graphs;Visualization;X-ray imaging;Coronary Angiography;Humans;Radiographic Image Enhancement},
doi={10.1109/42.712132},
ISSN={0278-0062},}

@ARTICLE{6725621,
author={Salazar-Gonzalez, A. and Kaba, D. and Yongmin Li and Xiaohui Liu},
journal={Biomedical and Health Informatics, IEEE Journal of},
title={Segmentation of the Blood Vessels and Optic Disk in Retinal Images},
year={2014},
month={Nov},
volume={18},
number={6},
pages={1874-1886},
keywords={Markov processes;biomedical optical imaging;blood vessels;diseases;eye;feature extraction;image segmentation;medical image processing;random processes;MRF image reconstruction method;Markov random field;blood vessel morphology;blood vessel segmentation;compensation factor method;diabetic retinopathy;fundus retinal image segmentation;glaucoma;graph cut technique;hypertension;nonintrusive diagnosis method;ophthalmology;optic disk segmentation;retina vascular tree extraction;Biomedical imaging;Blood vessels;Image reconstruction;Image segmentation;Markov random fields;Optical imaging;Performance evaluation;Retina;Graph cut segmentation;optic disk segmentation;retinal images;vessel segmentation},
doi={10.1109/JBHI.2014.2302749},
ISSN={2168-2194},}

@inproceedings{rahman1996multi,
  title={Multi-scale retinex for color image enhancement},
  author={Rahman, Z-U and Jobson, Daniel J and Woodell, Glenn A},
  booktitle={Image Processing, 1996. Proceedings., International Conference on},
  volume={3},
  pages={1003--1006},
  year={1996},
  organization={IEEE}
}

@article{hassouna2007multistencils,
  title={Multistencils fast marching methods: A highly accurate solution to the eikonal equation on cartesian domains},
  author={Hassouna, M Sabry and Farag, Aly A},
  journal={Pattern Analysis and Machine Intelligence, IEEE Transactions on},
  volume={29},
  number={9},
  pages={1563--1574},
  year={2007},
  publisher={IEEE}
}

@TECHREPORT{IMM2001-0841,
    author       = "J. A. B{\ae}rentzen",
    title        = "On the implementation of fast marching methods for {3D} lattices",
    year         = "2001",
    keywords     = "Fast Marching Methods, Eikonal Equation, Distance Fields",
    number       = "",
    series       = "IMM-TR-2001-13",
    institution  = "Informatics and Mathematical Modelling, Technical University of Denmark, {DTU}",
    address      = "Richard Petersens Plads, Building 321, {DK-}2800 Kgs. Lyngby",
    type         = "",
    url          = "http://www2.imm.dtu.dk/pubdb/p.php?841"
}

@ARTICLE{Tracking3,
  author = {Aylward, Stephen R and Bullitt, Elizabeth},
  title = {Initialization, noise, singularities, and scale in height ridge traversal
	for tubular object centerline extraction},
  journal = {IEEE Transactions on Medical Imaging},
  year = {2002},
  volume = {21},
  pages = {61--75},
  number = {2},
  publisher = {IEEE}
}

@ARTICLE{blondel2006reconstruction,
  author = {Blondel, Christophe and Malandain, Gr{\'e}goire and Vaillant, R{\'e}gis
	and Ayache, Nicholas},
  title = {Reconstruction of coronary arteries from a single rotational X-ray
	projection sequence},
  journal = {IEEE Transactions on Medical Imaging},
  year = {2006},
  volume = {25},
  pages = {653--663},
  number = {5},
  publisher = {IEEE}
}

@INPROCEEDINGS{bouattour20054d,
  author = {Bouattour, Sahla and Arndt, Richard and Paulus, Dietrich},
  title = {4d reconstruction of coronary arteries from monoplane angiograms},
  booktitle = {Computer Analysis of Images and Patterns},
  year = {2005},
  pages = {724--731},
  organization = {Springer}
}

@ARTICLE{Deformable3,
  author = {Ca{\~n}ero, Cristina and Vilari{\~n}o, Fernando and Mauri, Josefina
	and Radeva, Petia},
  title = {Predictive (un) distortion model and 3-D reconstruction by biplane
	snakes},
  journal = {IEEE Transactions on Medical Imaging},
  year = {2002},
  volume = {21},
  pages = {1188--1201},
  number = {9},
  publisher = {IEEE}
}

@ARTICLE{James_Chen,
  author = {Chen, S James and Carroll, John D},
  title = {3-D reconstruction of coronary arterial tree to optimize angiographic
	visualization},
  journal = {Medical Imaging, IEEE Transactions on},
  year = {2000},
  volume = {19},
  pages = {318--336},
  number = {4},
  publisher = {IEEE}
}

@ARTICLE{chen2003kinematic,
  author = {Chen, S-YJ and Carroll, John D},
  title = {Kinematic and deformation analysis of 4-D coronary arterial trees
	reconstructed from cine angiograms},
  journal = {IEEE Transactions on Medical Imaging},
  year = {2003},
  volume = {22},
  pages = {710--721},
  number = {6},
  publisher = {IEEE}
}

@ARTICLE{opti_est2,
  author = {Chen, Shiuh-Yung J and Hoffmann, Kenneth R and Carroll, John D},
  title = {Three-dimensional reconstruction of coronary arterial tree based
	on biplane angiograms},
  journal = {Proc SPIE Med Imag: Image Processing},
  year = {1996},
  volume = {2710},
  pages = {103--114}
}

@INPROCEEDINGS{opti_est3,
  author = {S.-Y. J. Chen and C. E. Metz},
  title = {Improved determination of biplane imaging geometry from two projection
	images and its application to 3-D reconstruction of coronary arterial
	trees},
  booktitle = {Med. Phys.},
  year = {1997},
  volume = {24},
  number = {5},
  pages = {633-654}
}

@INPROCEEDINGS{close_form2,
  author = {Cheriet, Farida and Meunier, Jean and Lesperance, Jacques and Bertrand,
	Michel J},
  title = {Self-calibration of a stereo system using matched points: application
	to biplane x-ray imaging},
  booktitle = {Photonics for Industrial Applications},
  year = {1994},
  pages = {279--289},
  organization = {International Society for Optics and Photonics}
}

@INPROCEEDINGS{Condurache,
  author = {Condurache, Alexandru-Paul and Aach, Til},
  title = {Vessel segmentation in angiograms using hysteresis thresholding},
  booktitle = {IAPR Conference on Machine Vision Applications},
  year = {2005},
  pages = {269-272}
}

@ARTICLE{Tracking2,
  author = {Dumay, Adrie CM and Gerbrands, Jan J and Reiber, Johan HC},
  title = {Automated extraction, labelling and analysis of the coronary vasculature
	from arteriograms},
  journal = {The International Journal of Cardiac Imaging},
  year = {1994},
  volume = {10},
  pages = {205--215},
  number = {3},
  publisher = {Springer}
}

@ARTICLE{rule_based1,
  author = {J. A. Fessler and A. Macovski},
  title = {Object-based 3-D reconstruction of arterial trees from magnetic resonance
	angiograms},
  journal = {IEEE Transactions on Medical Imaging},
  year = {1991},
  volume = {10},
  pages = {25-39}
}

@ARTICLE{opti_view1,
  author = {Finet, G and Lienard, J},
  title = {Optimizing coronary angiographic views},
  journal = {The International Journal of Cardiac Imaging},
  year = {1995},
  volume = {11},
  pages = {53--54},
  publisher = {Springer}
}

@INCOLLECTION{Frangi,
  author = {Frangi, Alejandro F and Niessen, Wiro J and Vincken, Koen L and Viergever,
	Max A},
  title = {Multiscale vessel enhancement filtering},
  booktitle = {MICCAI¡¯98},
  publisher = {Springer},
  year = {1998},
  pages = {130--137}
}

@ARTICLE{Gollapudi,
  author = {Gollapudi, Raghava R and Valencia, Rafael and Lee, Steve S and Wong,
	Garrett B and Teirstein, Paul S and Price, Matthew J},
  title = {Utility of three-dimensional reconstruction of coronary angiography
	to guide percutaneous coronary intervention},
  journal = {Catheterization and Cardiovascular Interventions},
  year = {2007},
  volume = {69},
  pages = {479--482},
  number = {4},
  publisher = {Wiley Online Library}
}

@ARTICLE{Hansis,
  author = {Hansis, E and Sch{\"a}fer, D and D{\"o}ssel, O and Grass, M},
  title = {Projection-based motion compensation for gated coronary artery reconstruction from rotational x-ray angiograms},
  journal = {Physics in medicine and biology},
  year = {2008},
  volume = {53},
  pages = {3807--3820},
  number = {14},
  publisher = {IOP Publishing}
}

@ARTICLE{Hoover,
  author = {Hoover, AD and Kouznetsova, Valentina and Goldbaum, Michael},
  title = {Locating blood vessels in retinal images by piecewise threshold probing
	of a matched filter response},
  journal = {IEEE Transactions on Medical Imaging},
  year = {2000},
  volume = {19},
  pages = {203--210},
  number = {3},
  publisher = {IEEE}
}

@ARTICLE{lighting_equotion,
  author = {Hurlbert, Anya},
  title = {Formal connections between lightness algorithms},
  journal = {JOSA A},
  year = {1986},
  volume = {3},
  pages = {1684--1693},
  number = {10},
  publisher = {Optical Society of America}
}

@INPROCEEDINGS{ingrassia1999segmentation,
  author = {Ingrassia, Chris and Windyga, Piotr and Shah, Mubarak},
  title = {Segmentation and tracking of coronary arteries},
  booktitle = {BMES/EMBS Conference, 1999},
  year = {1999},
  volume = {1},
  pages = {203-203},
  organization = {IEEE}
}

@ARTICLE{JOBSON_Retinex,
  author = {Jobson, Daniel J and Rahman, Zia-ur and Woodell, Glenn A},
  title = {Properties and performance of a center/surround retinex},
  journal = {Image Processing, IEEE Transactions on},
  year = {1997},
  volume = {6},
  pages = {451--462},
  number = {3},
  publisher = {IEEE}
}

@ARTICLE{Kirbas,
  author = {Kirbas, Cemil and Quek, Francis},
  title = {A review of vessel extraction techniques and algorithms},
  journal = {ACM Computing Surveys (CSUR)},
  year = {2004},
  volume = {36},
  pages = {81--121},
  number = {2},
  publisher = {ACM}
}

@ARTICLE{Deformable1,
  author = {Klein, Andreas K and Lee, Forester and Amini, Amir A},
  title = {Quantitative coronary angiography with deformable spline models},
  journal = {IEEE Transactions on Medical Imaging},
  year = {1997},
  volume = {16},
  pages = {468--482},
  number = {5},
  publisher = {IEEE}
}

@ARTICLE{kong1971assessment,
  author = {Kong, Yihong and Morris Jr, James J and McIntosh, Henry D},
  title = {Assessment of regional myocardial performance from biplane coronary
	cineangiograms},
  journal = {The American Journal of Cardiology},
  year = {1971},
  volume = {27},
  pages = {529--537},
  number = {5},
  publisher = {Elsevier}
}

@ARTICLE{Land_Retinex,
  author = {Land, Edwin Herbert},
  title = {An alternative technique for the computation of the designator in
	the retinex theory of color vision},
  journal = {Proceedings of the National Academy of Sciences},
  year = {1986},
  volume = {83},
  pages = {3078--3080},
  number = {10},
  publisher = {National Acad Sciences}
}

@ARTICLE{Li,
  author = {Li, Qin and You, Jane and Zhang, David},
  title = {Vessel segmentation and width estimation in retinal images using
	multiscale production of matched filter responses},
  journal = {Expert Systems with Applications},
  year = {2012},
  volume = {39},
  pages = {7600--7610},
  number = {9},
  publisher = {Elsevier}
}

@ARTICLE{rule_based2,
  author = {Liu, Iching and Sun, Ying},
  title = {Fully automated reconstruction of three-dimensional vascular tree
	structures from two orthogonal views using computational algorithms
	and productionrules},
  journal = {Optical Engineering},
  year = {1992},
  volume = {31},
  pages = {2197--2207},
  number = {10},
  publisher = {International Society for Optics and Photonics}
}

@ARTICLE{manniesing2006vessel,
  author = {Manniesing, Rashindra and Viergever, Max A and Niessen, Wiro J},
  title = {Vessel enhancing diffusion: A scale space representation of vessel
	structures},
  journal = {Medical Image Analysis},
  year = {2006},
  volume = {10},
  pages = {815--825},
  number = {6},
  publisher = {Elsevier}
}

@INPROCEEDINGS{Marcus,
  author = {M. L. Marcus and K. C. Dellsperger},
  title = {Determinants of systolic and diastolic ventricular function},
  booktitle = {Cardiac Imaging},
  year = {1991},
  pages = {24¨C38}
}

@ARTICLE{Messenger,
  author = {Messenger, John C and Chen, SY James and Carroll, John D and Burchenal,
	JEB and Kioussopoulos, Kathy and Groves, Bertron M},
  title = {3D coronary reconstruction from routine single-plane coronary angiograms:
	clinical validation and quantitative analysis of the right coronary
	artery in 100 patients},
  journal = {The International Journal of Cardiac Imaging},
  year = {2000},
  volume = {16},
  pages = {413--427},
  number = {6},
  publisher = {Springer}
}

@ARTICLE{MOORE_Retinex,
  author = {Moore, Andrew and Allman, John and Goodman, Rodney M},
  title = {A real-time neural system for color constancy},
  journal = {Neural Networks, IEEE Transactions on},
  year = {1991},
  volume = {2},
  pages = {237--247},
  number = {2},
  publisher = {IEEE}
}

@ARTICLE{Movassaghi,
  author = {Movassaghi, Babak and Rasche, Volker and Grass, Michael and Viergever,
	Max A and Niessen, Wiro J},
  title = {A quantitative analysis of 3-D coronary modeling from two or more
	projection images},
  journal = { IEEE Transactions on Medical Imaging},
  year = {2004},
  volume = {23},
  pages = {1517--1531},
  number = {12},
  publisher = {IEEE}
}

@ARTICLE{naegel2007grey,
  author = {Naegel, Beno{\'\i}t and Passat, Nicolas and Ronse, Christian},
  title = {Grey-level hit-or-miss transforms{-Part I: Unified theory}},
  journal = {Pattern Recognition},
  year = {2007},
  volume = {40},
  pages = {635--647},
  number = {2},
  publisher = {Elsevier}
}

@ARTICLE{Nguyen,
  author = {Nguyen, Thinh V and Sklansky, Jack},
  title = {Reconstructing the 3-D medial axes of coronary arteries in single-view
	cineangiograms},
  journal = { IEEE Transactions on Medical Imaging},
  year = {1994},
  volume = {13},
  pages = {61--73},
  number = {1},
  publisher = {IEEE}
}

@INPROCEEDINGS{Retinex1,
  author = {Orsini, Giuliano and Ramponi, Giovanni and Carrai, Paola and Di Federico,
	Riccardo},
  title = {A modified Retinex for image contrast enhancement and dynamics control},
  booktitle = {Image Processing, 2003. ICIP 2003. Proceedings. 2003 International
	Conference on},
  year = {2003},
  volume = {3},
  pages = {III--393},
  organization = {IEEE}
}

@INPROCEEDINGS{Tracking1,
  author = {Park, Seokil and Lee, Jongshil and Koo, Jayl and Kwon, Ohsang and
	Hong, Seunghong},
  title = {Adaptive tracking algorithm based on direction field using ML estimation
	in angiogram},
  booktitle = {TENCON'97},
  year = {1997},
  volume = {2},
  pages = {671--675},
  organization = {IEEE}
}

@ARTICLE{close_form1,
  author = {Philip, Johan},
  title = {Estimation three-dimensional motion of rigid objects from noisy observations},
  journal = {Pattern Analysis and Machine Intelligence, IEEE Transactions on},
  year = {1991},
  volume = {13},
  pages = {61--66},
  number = {1},
  publisher = {IEEE}
}

@ARTICLE{puentes1998dynamic,
  author = {Puentes, John and Roux, Christian and Garreau, Mireille and Coatrieux,
	Jean-Louis},
  title = {Dynamic feature extraction of coronary artery motion using DSA image
	sequences},
  journal = {IEEE Transactions on Medical Imaging},
  year = {1998},
  volume = {17},
  pages = {857--871},
  number = {6},
  publisher = {IEEE}
}

@ARTICLE{ruan1994three,
  author = {Ruan, S and Bruno, A and Coatrieux, Jean-Louis},
  title = {Three-dimensional motion and reconstruction of coronary arteries
	from biplane cineangiography},
  journal = {Image and Vision Computing},
  year = {1994},
  volume = {12},
  pages = {683--689},
  number = {10},
  publisher = {Elsevier}
}

@ARTICLE{Deformable2,
  author = {Sarry, Laurent and Boire, J-Y},
  title = {Three-dimensional tracking of coronary arteries from biplane angiographic
	sequences using parametrically deformable models},
  journal = {IEEE Transactions on Medical Imaging},
  year = {2001},
  volume = {20},
  pages = {1341--1351},
  number = {12},
  publisher = {IEEE}
}

@ARTICLE{opti_view2,
  author = {Sato, Yoshinobu and Araki, Takahiro and Hanayama, Masayuki and Naito,
	Hiroaki and Tamura, Shinichi},
  title = {A viewpoint determination system for stenosis diagnosis and quantification
	in coronary angiographic image acquisition},
  journal = {Medical Imaging, IEEE Transactions on},
  year = {1998},
  volume = {17},
  pages = {121--137},
  number = {1},
  publisher = {IEEE}
}

@ARTICLE{schoonenberg2009projection,
  author = {Schoonenberg, Gert and Florent, Raoul and Lelong, Pierre and Wink,
	Onno and Ruijters, Daniel and Carroll, John and ter Haar Romeny,
	Bart
	
	},
  title = {Projection-based motion compensation and reconstruction of coronary
	segments and cardiac implantable devices using rotational X-ray angiography},
  journal = {Medical Image Analysis},
  year = {2009},
  volume = {13},
  pages = {785--792},
  number = {5},
  publisher = {Elsevier}
}

@ARTICLE{Tracking5,
  author = {Sen, Anindya and Lan, Li and Doi, Kunio and Hoffmann, Kenneth R},
  title = {Quantitative evaluation of vessel tracking techniques on coronary
	angiograms},
  journal = {Medical Physics},
  year = {1999},
  volume = {26},
  pages = {698-706.},
  number = {5}
}

@INPROCEEDINGS{Tracking4,
  author = {Sen, Anindya and Lan, Li and Hoffmann, Kenneth R},
  title = {Improved coronary vessel tracking using non-linear filter enhanced
	X-ray angiograms},
  booktitle = {IEEE Proceedings of the 19th Annual International Conference of Engineering
	in Medicine and Biology Society},
  year = {1997},
  volume = {2},
  pages = {573--576},
  organization = {IEEE}
}

@ARTICLE{shechter2003three,
  author = {Shechter, Guy and Devernay, Fr{\'e}d{\'e}ric and Coste-Mani{\`e}re,
	Eve and Quyyumi, Arshed and McVeigh, Elliot R},
  title = {Three-dimensional motion tracking of coronary arteries in biplane
	cineangiograms},
  journal = {IEEE Transactions on Medical Imaging},
  year = {2003},
  volume = {22},
  pages = {493--503},
  number = {4},
  publisher = {IEEE}
}

@ARTICLE{shechter2006displacement,
  author = {Shechter, Guy and Resar, Jon R and McVeigh, Elliot R},
  title = {Displacement and velocity of the coronary arteries: cardiac and respiratory
	motion},
  journal = {IEEE Transactions on Medical Imaging},
  year = {2006},
  volume = {25},
  pages = {369--375},
  number = {3},
  publisher = {IEEE}
}

@ARTICLE{Sprague,
  author = {Sprague, Kevin and Drangova, Maria and Lehmann, Glen and Slomka,
	Piotr and Levin, David and Chow, Benjamin and others},
  title = {Coronary x-ray angiographic reconstruction and image orientation},
  journal = {Medical Physics},
  year = {2006},
  volume = {33},
  pages = {707--718}
}

@INCOLLECTION{opti_view3,
  author = {van der Wall, Ernst Evert},
  title = {What¡¯s new in cardiac imaging},
  booktitle = {Nuclear Cardiology and Cardiac Magnetic Resonance},
  publisher = {Springer},
  year = {1992},
  pages = {255--268}
}

@ARTICLE{Wellnhofer,
  author = {Wellnhofer, Ernst and Wahle, Andreas and Mugaragu, Ignace and Gross,
	Joachim and Oswald, Helmut and Fleck, Eckart},
  title = {Validation of an accurate method for three-dimensional reconstruction
	and quantitative assessment of volumes, lengths and diameters of
	coronary vascular branches and segments from biplane angiographic
	projections},
  journal = {The International Journal of Cardiac Imaging},
  year = {1999},
  volume = {15},
  pages = {339--353},
  number = {5},
  publisher = {Springer}
}

@ARTICLE{opti_est1,
  author = {Weng, Juyang and Ahuja, Narendra and Huang, Thomas S.},
  title = {Optimal motion and structure estimation},
  journal = {IEEE Transactions on Pattern Analysis and Machine Intelligence},
  year = {1993},
  volume = {15},
  pages = {864--884},
  number = {9},
  publisher = {IEEE}
}

@ARTICLE{two_step_thinning,
  author = {Zhang, T. Y. and Suen, C. Y.},
  title = {A Fast Parallel Algorithm for Thinning Digital Patterns},
  journal = {Commun. ACM},
  year = {1984},
  volume = {27},
  pages = {236--239},
  number = {3},
  month = mar,
  acmid = {358023},
  address = {New York, NY, USA},
  issn = {0001-0782},
  issue_date = {March 1984},
  keywords = {parallel algorithm, skeletonization, thinning of digital patterns},
  numpages = {4},
  publisher = {ACM}
}

@ARTICLE{Zhang2010438,
title = "Retinal vessel extraction by matched filter with first-order derivative of Gaussian ",
journal = "Computers in Biology and Medicine ",
volume = "40",
number = "4",
pages = "438 - 445",
year = "2010",
note = "",
issn = "0010-4825",
author = "Bob Zhang and Lin Zhang and Lei Zhang and Fakhri Karray",
keywords = "Retinal image segmentation",
keywords = "Vessel detection",
keywords = "Matched filter",
keywords = "Line detection "
}

%%%%%%%%%%%%%%%%%%%%%%%%%%%%%%%%%%%%%%%%%%%%%%%%%%%%%%%%%%%%%%%%%%%%%%%%%%%%%%%%%%%%%%%%%%%%%%%%%%%%%%%%%%%%%
@inproceedings{boykov2001interactive,
  title={Interactive graph cuts for optimal boundary \& region segmentation of objects in ND images},
  author={Boykov, Yuri Y and Jolly, M-P},
  booktitle={Eighth IEEE International Conference on Computer Vision, 2001. ICCV 2001. Proceedings.},
  volume={1},
  pages={105--112},
  year={2001},
  organization={IEEE}
}

@article{geman1984stochastic,
  title={Stochastic relaxation, Gibbs distributions, and the Bayesian restoration of images},
  author={Geman, Stuart and Geman, Donald},
  journal={Pattern Analysis and Machine Intelligence, IEEE Transactions on},
  number={6},
  pages={721--741},
  year={1984},
  publisher={IEEE}
}

@article{lafferty2001conditional,
  title={Conditional random fields: Probabilistic models for segmenting and labeling sequence data},
  author={Lafferty, John and McCallum, Andrew and Pereira, Fernando CN},
  year={2001}
}

@inproceedings{pearl1982reverend,
  title={Reverend Bayes on inference engines: A distributed hierarchical approach},
  author={Pearl, Judea},
  booktitle={AAAI},
  pages={133--136},
  year={1982}
}

@INPROCEEDINGS{Meltzer2005,
author={Meltzer, T. and Yanover, C. and Weiss, Y.},
booktitle={Computer Vision, 2005. ICCV 2005. Tenth IEEE International Conference on},
title={Globally optimal solutions for energy minimization in stereo vision using reweighted belief propagation},
year={2005},
month={Oct},
volume={1},
pages={428-435 Vol. 1},
keywords={computer vision;optimisation;stereo image processing;energy minimization;reweighted belief propagation;stereo vision;Belief propagation;Cameras;Computer science;Energy measurement;Energy resolution;Filters;Markov random fields;Polynomials;Power engineering and energy;Stereo vision},
doi={10.1109/ICCV.2005.110},
ISSN={1550-5499},}

@inproceedings{murphy1999loopy,
  title={Loopy belief propagation for approximate inference: An empirical study},
  author={Murphy, Kevin P and Weiss, Yair and Jordan, Michael I},
  booktitle={Proceedings of the Fifteenth conference on Uncertainty in artificial intelligence},
  pages={467--475},
  year={1999},
  organization={Morgan Kaufmann Publishers Inc.}
}

@article{szeliski2008comparative,
  title={A comparative study of energy minimization methods for markov random fields with smoothness-based priors},
  author={Szeliski, Richard and Zabih, Ramin and Scharstein, Daniel and Veksler, Olga and Kolmogorov, Vladimir and Agarwala, Aseem and Tappen, Marshall and Rother, Carsten},
  journal={IEEE Transactions on Pattern Analysis and Machine Intelligence},
  volume={30},
  number={6},
  pages={1068--1080},
  year={2008},
  publisher={IEEE}
}

@inproceedings{tappen2003comparison,
  title={Comparison of graph cuts with belief propagation for stereo, using identical MRF parameters},
  author={Tappen, Marshall F and Freeman, William T},
  booktitle={Ninth IEEE International Conference on Computer Vision, 2003. Proceedings. },
  pages={900--906},
  year={2003},
  organization={IEEE}
}

@article{potetz2008efficient,
  title={Efficient belief propagation for higher-order cliques using linear constraint nodes},
  author={Potetz, Brian and Lee, Tai Sing},
  journal={Computer Vision and Image Understanding},
  volume={112},
  number={1},
  pages={39--54},
  year={2008},
  publisher={Elsevier}
}
@inproceedings{brunton2006belief,
  title={Belief propagation on the GPU for stereo vision},
  author={Brunton, Alan and Shu, Chang and Roth, Gerhard},
  booktitle={The 3rd Canadian Conference on Computer and Robot Vision, 2006. },
  pages={76--76},
  year={2006},
  organization={IEEE}
}

@article{coughlan2007dynamic,
  title={Dynamic quantization for belief propagation in sparse spaces},
  author={Coughlan, James and Shen, Huiying},
  journal={Computer Vision and Image Understanding},
  volume={106},
  number={1},
  pages={47--58},
  year={2007},
  publisher={Elsevier}
}

@article{felzenszwalb2006efficient,
  title={Efficient belief propagation for early vision},
  author={Felzenszwalb, Pedro F and Huttenlocher, Daniel P},
  journal={International journal of computer vision},
  volume={70},
  number={1},
  pages={41--54},
  year={2006},
  publisher={Springer}
}

@article{boykov2001fast,
  title={Fast approximate energy minimization via graph cuts},
  author={Boykov, Yuri and Veksler, Olga and Zabih, Ramin},
  journal={IEEE Transactions on Pattern Analysis and Machine Intelligence},
  volume={23},
  number={11},
  pages={1222--1239},
  year={2001},
  publisher={IEEE}
}

@phdthesis{Kolmogorov2004,
 author = {Kolmogorov, Vladimir},
 advisor = {Zabih, Ramin},
 title = {Graph Based Algorithms for Scene Reconstruction from Two or More Views},
 year = {2004},
 note = {AAI3114475},
 publisher = {Cornell University},
 address = {Ithaca, NY, USA},
}

@article{kolmogorov2004energy,
  title={What energy functions can be minimized via graph cuts?},
  author={Kolmogorov, Vladimir and Zabin, Ramin},
  journal={IEEE Transactions on Pattern Analysis and Machine Intelligence},
  volume={26},
  number={2},
  pages={147--159},
  year={2004},
  publisher={IEEE}
}

@inproceedings{vezhnevets2005growcut,
  title={GrowCut: Interactive multi-label ND image segmentation by cellular automata},
  author={Vezhnevets, Vladimir and Konouchine, Vadim},
  booktitle={Proc. of Graphicon},
  pages={150--156},
  year={2005}
}

@inproceedings{rother2004grabcut,
  title={Grabcut: Interactive foreground extraction using iterated graph cuts},
  author={Rother, Carsten and Kolmogorov, Vladimir and Blake, Andrew},
  booktitle={ACM Transactions on Graphics (TOG)},
  volume={23},
  number={3},
  pages={309--314},
  year={2004},
  organization={ACM}
}

@article{van2007subvoxel,
  title={Subvoxel precise skeletons of volumetric data based on fast marching methods},
  author={Van Uitert, Robert and Bitter, Ingmar},
  journal={Medical Physics},
  volume={34},
  number={2},
  pages={627--638},
  year={2007},
  publisher={American Association of Physicists in Medicine}
}

@ARTICLE{Hassouna2007,
author={Hassouna, M.S. and Farag, A.A.},
journal={IEEE Transactions on Pattern Analysis and Machine Intelligence},
title={MultiStencils Fast Marching Methods: A Highly Accurate Solution to the Eikonal Equation on Cartesian Domains},
year={2007},
month={Sept},
volume={29},
number={9},
pages={1563-1574},
keywords={computational geometry;computer vision;finite difference methods;hyperbolic equations;partial differential equations;2D Cartesian domain;3D Cartesian domain;Eikonal equation;Hamilton-Jacobi equation;computer vision application;finite difference scheme;first-order hyperbolic partial differential equation;multistencils fast marching method;Application software;Computer vision;Grid computing;Iterative algorithms;Level set;Nonlinear equations;Partial differential equations;Path planning;Shape;Tracking;Eikonal equation;Multi-stencils fast marching methods;fast marching methods;level set methods;monotonically advancing fronts;Algorithms;Artificial Intelligence;Image Enhancement;Image Interpretation, Computer-Assisted;Information Storage and Retrieval;Numerical Analysis, Computer-Assisted;Pattern Recognition, Automated;Reproducibility of Results;Sensitivity and Specificity},
doi={10.1109/TPAMI.2007.1154},
ISSN={0162-8828},}
